@article{Hug2020,
  doi = {10.21105/joss.02174},
  url = {https://doi.org/10.21105/joss.02174},
  year = {2020},
  publisher = {The Open Journal},
  volume = {5},
  number = {52},
  pages = {2174},
  author = {Nicolas Hug},
  title = {Surprise: A Python library for recommender systems},
  journal = {Journal of Open Source Software}
}

@article{scikit-learn,
 title={Scikit-learn: Machine Learning in {P}ython},
 author={Pedregosa, F. and Varoquaux, G. and Gramfort, A. and Michel, V.
         and Thirion, B. and Grisel, O. and Blondel, M. and Prettenhofer, P.
         and Weiss, R. and Dubourg, V. and Vanderplas, J. and Passos, A. and
         Cournapeau, D. and Brucher, M. and Perrot, M. and Duchesnay, E.},
 journal={Journal of Machine Learning Research},
 volume={12},
 pages={2825--2830},
 year={2011}
}

@inproceedings{sklearn_api,
  author    = {Lars Buitinck and Gilles Louppe and Mathieu Blondel and
               Fabian Pedregosa and Andreas Mueller and Olivier Grisel and
               Vlad Niculae and Peter Prettenhofer and Alexandre Gramfort
               and Jaques Grobler and Robert Layton and Jake VanderPlas and
               Arnaud Joly and Brian Holt and Ga{\"{e}}l Varoquaux},
  title     = {{API} design for machine learning software: experiences from the scikit-learn
               project},
  booktitle = {ECML PKDD Workshop: Languages for Data Mining and Machine Learning},
  year      = {2013},
  pages = {108--122},
}

@book{Celma:Springer2010,
      author = {Celma, O.},
      title = {{Music Recommendation and Discovery in the Long Tail}},
      publisher = {Springer},
      year = {2010}
      }

@article{pmf2007,
  author          = {Ruslan Salakhutdinov and Andriy Mnih},
  url             = {https://papers.nips.cc/paper/2007/file/d7322ed717dedf1eb4e6e52a37ea7bcd-Paper.pdf},
  title           = {Probabilistic Matrix Factorization},
  journal         = {Department of Computer Science, University of Toronto},
  year            = {2007}
}

@article{Zhang2013,
  author          = {Yu-Xiong Wang and Yu-Jin Zhang},
  title           = {Nonnegative Matrix Factorization: A Comprehensive Review},
  url             = {http://oa.ee.tsinghua.edu.cn/~zhangyujin/Download-Paper/E224%3DTKDE-13.pdf},
  journal         = {IEEE TRANSACTIONS ON KNOWLEDGE AND DATA ENGINEERING},
  volume          = {25},
  number          = {6},
  year            = {2013}
}

@ARTICLE{5197422,
  author={Y. {Koren} and R. {Bell} and C. {Volinsky}},
    journal={Computer},
    title={Matrix Factorization Techniques for Recommender Systems},
    year={2009},
    volume={42},
    number={8},
    pages={30-37},
    doi={10.1109/MC.2009.263}
}

@INPROCEEDINGS{George05ascalable,
    author = {Thomas George},
    title = {A scalable collaborative filtering framework based on co-clustering},
    booktitle = {Fifth IEEE International Conference on Data Mining},
    year = {2005},
    pages = {625--628}
}

@article{George2005,
  author          = {Thomas George and Srujana Merugu},
  title           = {A Scalable Collaborative Filtering Framework based on Co-clustering},
  journal         = {Department of Computer Science, Texas A & M University},
  year            = {2005},
  url             = {http://citeseerx.ist.psu.edu/viewdoc/download?doi=10.1.1.113.6458&rep=rep1&type=pdf},
}